@book{Bellovin,
  title={Security problems in the TCP/IP protocol suite},
  author={Bellovin, S. M},
  volume={19},
  year={1989},
}
@misc{postel,
  title={TCP and IP bake off, RFC 1025},
  author={Postel, J},
  month={September},
  year={1987},
}

@misc{braden,
  title={Extending TCP for Transactions - Concepts, RFC 1379},
  author={Braden, B},
  month={November},
  year={1992},
}

@misc{spring,
  title={Robust Explicit Congestion Notification (ECN) signaling with Nonces},
  author={Spring, N., Wetheral, D},
  year={2003},
}

@misc{eddy,
  title={TCP SYN Flooding Attacks and Common Mitigations, RFC 4987, Network Working Group},
  author={Eddy, W},
  year={2007},
}

@misc{bennahum,
  title={Pannix Attack},
  author={Bennahum, D},
}

@book{lemon,
  title={SYN cookies},
  author={Lemon},
  url={http://cr.yp.to/syncookies.html},
  month={October},
  year={2012},
}


